@article{hong2024next,
  title={Next-Generation Database Interfaces: A Survey of LLM-based Text-to-SQL},
  author={Hong, Zijin and Yuan, Zheng and Zhang, Qinggang and Chen, Hao and Dong, Junnan and Huang, Feiran and Huang, Xiao},
  journal={arXiv preprint arXiv:2406.08426},
  year={2024}
}

@article{mohammadjafari2024natural,
  title={From Natural Language to SQL: Review of LLM-based Text-to-SQL Systems},
  author={Mohammadjafari, Ali and Maida, Anthony S and Gottumukkala, Raju},
  journal={arXiv preprint arXiv:2410.01066},
  year={2024}
}

@article{zhu2024large,
  title={Large language model enhanced text-to-sql generation: A survey},
  author={Zhu, Xiaohu and Li, Qian and Cui, Lizhen and Liu, Yongkang},
  journal={arXiv preprint arXiv:2410.06011},
  year={2024}
}

@article{gao2023text,
  title={Text-to-sql empowered by large language models: A benchmark evaluation},
  author={Gao, Dawei and Wang, Haibin and Li, Yaliang and Sun, Xiuyu and Qian, Yichen and Ding, Bolin and Zhou, Jingren},
  journal={arXiv preprint arXiv:2308.15363},
  year={2023}
}

@article{biswal2024text2sql,
  title={Text2SQL is Not Enough: Unifying AI and Databases with TAG},
  author={Biswal, Asim and Patel, Liana and Jha, Siddarth and Kamsetty, Amog and Liu, Shu and Gonzalez, Joseph E and Guestrin, Carlos and Zaharia, Matei},
  journal={arXiv preprint arXiv:2408.14717},
  year={2024}
}

@article{li2024can,
  title={Can LLM Already Serve as A Database Interface? A Big Bench for Large-Scale Database Grounded Text-to-SQLs},
  author={Li, Jinyang and Hui, Binyuan and Qu, Ge and Yang, Jiaxi and Li, Binhua and Li, Bowen and Wang, Bailin and Qin, Bowen and Geng, Ruiying and Huo, Nan and others},
  journal={Advances in Neural Information Processing Systems},
  volume={36},
  year={2024}
}

@article{malekpour2024towards,
  title={Towards Optimizing SQL Generation via LLM Routing},
  author={Malekpour, Mohammadhossein and Shaheen, Nour and Khomh, Foutse and Mhedhbi, Amine},
  journal={arXiv preprint arXiv:2411.04319},
  year={2024}
}
