@article{li2024can,
  title={Can LLM Already Serve as A Database Interface? A Big Bench for Large-Scale Database Grounded Text-to-SQLs},
  author={Li, Jinyang and Hui, Binyuan and Qu, Ge and Yang, Jiaxi and Li, Binhua and Li, Bowen and Wang, Bailin and Qin, Bowen and Geng, Ruiying and Huo, Nan and others},
  journal={Advances in Neural Information Processing Systems},
  volume={36},
  year={2024}
}






@article{xi2023rise,
  title={The rise and potential of large language model based agents: A survey},
  author={Xi, Zhiheng and Chen, Wenxiang and Guo, Xin and He, Wei and Ding, Yiwen and Hong, Boyang and Zhang, Ming and Wang, Junzhe and Jin, Senjie and Zhou, Enyu and others},
  journal={arXiv preprint arXiv:2309.07864},
  year={2023}
}

@article{hong2024next,
  title={Next-Generation Database Interfaces: A Survey of LLM-based Text-to-SQL},
  author={Hong, Zijin and Yuan, Zheng and Zhang, Qinggang and Chen, Hao and Dong, Junnan and Huang, Feiran and Huang, Xiao},
  journal={arXiv preprint arXiv:2406.08426},
  year={2024}
}

@article{mohammadjafari2024natural,
  title={From Natural Language to SQL: Review of LLM-based Text-to-SQL Systems},
  author={Mohammadjafari, Ali and Maida, Anthony S and Gottumukkala, Raju},
  journal={arXiv preprint arXiv:2410.01066},
  year={2024}
}


@article{biswal2024text2sql,
  title={Text2SQL is Not Enough: Unifying AI and Databases with TAG},
  author={Biswal, Asim and Patel, Liana and Jha, Siddarth and Kamsetty, Amog and Liu, Shu and Gonzalez, Joseph E and Guestrin, Carlos and Zaharia, Matei},
  journal={arXiv preprint arXiv:2408.14717},
  year={2024}
}


@article{yang2024synthesizing,
  title={Synthesizing text-to-sql data from weak and strong llms},
  author={Yang, Jiaxi and Hui, Binyuan and Yang, Min and Yang, Jian and Lin, Junyang and Zhou, Chang},
  journal={arXiv preprint arXiv:2408.03256},
  year={2024}
}


@article{liu2023agentbench,
  title={Agentbench: Evaluating llms as agents},
  author={Liu, Xiao and Yu, Hao and Zhang, Hanchen and Xu, Yifan and Lei, Xuanyu and Lai, Hanyu and Gu, Yu and Ding, Hangliang and Men, Kaiwen and Yang, Kejuan and others},
  journal={arXiv preprint arXiv:2308.03688},
  year={2023}
}

@article{zhang2024evaluation,
  title={Evaluation Agent: Efficient and Promptable Evaluation Framework for Visual Generative Models},
  author={Zhang, Fan and Tian, Shulin and Huang, Ziqi and Qiao, Yu and Liu, Ziwei},
  journal={arXiv preprint arXiv:2412.09645},
  year={2024}
}

@article{qiao2024benchmarking,
  title={Benchmarking Agentic Workflow Generation},
  author={Qiao, Shuofei and Fang, Runnan and Qiu, Zhisong and Wang, Xiaobin and Zhang, Ningyu and Jiang, Yong and Xie, Pengjun and Huang, Fei and Chen, Huajun},
  journal={arXiv preprint arXiv:2410.07869},
  year={2024}
}
