
@article{gao2023text,
  title={{Text-to-SQL Empowered by Large Language Models: A Benchmark Evaluation}},
  author={Gao, Dawei and Wang, Haibin and Li, Yaliang and Sun, Xiuyu and Qian, Yichen and Ding, Bolin and Zhou, Jingren},
  journal={arXiv preprint arXiv:2308.15363},
  year={2023},
  url={https://arxiv.org/abs/2308.15363}
}
