@misc{smolagents,
  title = {Smolagents: A Simple Framework for Multi-Step Agents},
  author = {HuggingFace},
  year = {2024},
  howpublished = {\url{https://huggingface.co/docs/smolagents/index}}
}

@misc{openfoodfacts,
  title = {Open Food Facts},
  author = {{Open Food Facts Contributors}},
  year = {2024},
  howpublished = {\url{https://world.openfoodfacts.org/}}
}

@article{example,
  author = {John Doe},
  title = {An example article},
  journal = {Journal of Examples},
  year = {2020},
  volume = {1},
  pages = {1-10}
}