
@article{mohammadjafari2024natural,
  title={{From Natural Language to SQL: Review of LLM-based Text-to-SQL Systems}},
  author={Mohammadjafari, Ali and Maida, Anthony S and Gottumukkala, Raju},
  journal={arXiv preprint arXiv:2410.01066},
  year={2024},
  url={https://arxiv.org/abs/2410.01066}
}

@article{gao2023text,
  title={{Text-to-SQL Empowered by Large Language Models: A Benchmark Evaluation}},
  author={Gao, Dawei and Wang, Haibin and Li, Yaliang and Sun, Xiuyu and Qian, Yichen and Ding, Bolin and Zhou, Jingren},
  journal={arXiv preprint arXiv:2308.15363},
  year={2023},
  url={https://arxiv.org/abs/2308.15363}
}
